@article{scikit-learn,
  title={Scikit-learn: Machine Learning in {P}ython},
  author={Pedregosa, F. and Varoquaux, G. and Gramfort, A. and Michel, V.
          and Thirion, B. and Grisel, O. and Blondel, M. and Prettenhofer, P.
          and Weiss, R. and Dubourg, V. and Vanderplas, J. and Passos, A. and
          Cournapeau, D. and Brucher, M. and Perrot, M. and Duchesnay, E.},
  journal={Journal of Machine Learning Research},
  volume={12},
  pages={2825--2830},
  year={2011}
}

@InProceedings{ mckinney-proc-scipy-2010,
  author    = { {W}es {M}c{K}inney },
  title     = { {D}ata {S}tructures for {S}tatistical {C}omputing in {P}ython },
  booktitle = { {P}roceedings of the 9th {P}ython in {S}cience {C}onference },
  pages     = { 56 - 61 },
  year      = { 2010 },
  editor    = { {S}t\'efan van der {W}alt and {J}arrod {M}illman },
  doi       = { 10.25080/Majora-92bf1922-00a }
}

@article{lundh1999introduction,
 title={An introduction to tkinter},
 author={Lundh, Fredrik},
 journal={URL: www. pythonware. com/library/tkinter/introduction/index. htm},
 year={1999}
}

@Article{         harris2020array,
 title         = {Array programming with {NumPy}},
 author        = {Charles R. Harris and K. Jarrod Millman and St{\'{e}}fan J.
                 van der Walt and Ralf Gommers and Pauli Virtanen and David
                 Cournapeau and Eric Wieser and Julian Taylor and Sebastian
                 Berg and Nathaniel J. Smith and Robert Kern and Matti Picus
                 and Stephan Hoyer and Marten H. van Kerkwijk and Matthew
                 Brett and Allan Haldane and Jaime Fern{\'{a}}ndez del
                 R{\'{i}}o and Mark Wiebe and Pearu Peterson and Pierre
                 G{\'{e}}rard-Marchant and Kevin Sheppard and Tyler Reddy and
                 Warren Weckesser and Hameer Abbasi and Christoph Gohlke and
                 Travis E. Oliphant},
 year          = {2020},
 month         = sep,
 journal       = {Nature},
 volume        = {585},
 number        = {7825},
 pages         = {357--362},
 doi           = {10.1038/s41586-020-2649-2},
 publisher     = {Springer Science and Business Media {LLC}},
 url           = {https://doi.org/10.1038/s41586-020-2649-2}
}

@inproceedings{seabold2010statsmodels,
  title={statsmodels: Econometric and statistical modeling with python},
  author={Seabold, Skipper and Perktold, Josef},
  booktitle={9th Python in Science Conference},
  year={2010},
}

@misc{kumelemedata,
    title = {Shop Customer Data},
    url = {https://www.kaggle.com/datasets/datascientistanna/customers-dataset/data},
    author = {-},
    year = {2023},
    note = {March 3, 2024}
}

@misc{regresyondata,
    title = {House Price Prediction Challenge},
    url = {https://www.kaggle.com/datasets/anmolkumar/house-price-prediction-challenge/data},
    author = {-},
    year = {2020},
    note = {March 3, 2024}
}

@misc{siniflandirmadata,
    title = {Diabetes prediction dataset},
    url = {https://www.kaggle.com/datasets/iammustafatz/diabetes-prediction-dataset/data},
    author = {-},
    year = {2023},
    note = {March 3, 2024}
}

@online{utkukose,
author = {{Utku KÖSE}},
title = {Yapay Zeka Temelleri – Önemli / Yönlendirici Konular},
date = {10.08.2020},
urldate = {10.08.2020}
}